<?xml version="1.0"?>
<collection xmlns="http://www.loc.gov/MARC21/slim">
  <record>
    <leader>01393nam a2200349 a 4500</leader>
    <controlfield tag="001">cihm_28667</controlfield>
    <controlfield tag="003">CaSfIA</controlfield>
    <controlfield tag="005">20160212080812.0</controlfield>
    <controlfield tag="007">cr||||||||||||</controlfield>
    <controlfield tag="008">831124s1883    quc     b     000 0 eng d</controlfield>
    <datafield tag="020" ind1=" " ind2=" ">
      <subfield code="a">0665286678</subfield>
    </datafield>
    <datafield tag="035" ind1=" " ind2=" ">
      <subfield code="a">ocn317759944</subfield>
    </datafield>
    <datafield tag="040" ind1=" " ind2=" ">
      <subfield code="a">CaOOCIHM</subfield>
      <subfield code="b">eng</subfield>
      <subfield code="d">AEU</subfield>
      <subfield code="d">CaSfIA</subfield>
    </datafield>
    <datafield tag="043" ind1=" " ind2=" ">
      <subfield code="a">n-cn-qu</subfield>
    </datafield>
    <datafield tag="082" ind1="0" ind2=" ">
      <subfield code="a">351.72252</subfield>
      <subfield code="2">19</subfield>
    </datafield>
    <datafield tag="090" ind1=" " ind2=" ">
      <subfield code="a">FC 02 0203 no. 28667</subfield>
      <subfield code="b">AEU</subfield>
    </datafield>
    <datafield tag="100" ind1="1" ind2=" ">
      <subfield code="a">W&#xC3;&#xBC;rtele, Jonathan Saxton Campbell,</subfield>
      <subfield code="d">1828-19</subfield>
    </datafield>
    <!-- No separator at end of field length=51 -->
    <!-- Bad indicator data. Skipping 2 bytes -->
    <datafield tag="245" ind1="1" ind2="4">
      <subfield code="a">The budget speech of Hon. Mr. Wurtele, treasurer of the province of Quebec, delivered on the 16th February, 1883</subfield>
      <subfield code="h">[electronic resource] </subfield>
    </datafield>
    <!-- Bad indicator data. Skipping 2 bytes -->
    <datafield tag="260" ind1=" " ind2=" ">
      <subfield code="a">Quebec :</subfield>
      <subfield code="b">[s.n.],</subfield>
      <subfield code="c">1883.</subfield>
    </datafield>
    <!-- Bad indicator data. Skipping 2 bytes -->
    <datafield tag="300" ind1=" " ind2=" ">
      <subfield code="a">2 microfiches (66 fr.).</subfield>
    </datafield>
    <!-- Bad indicator data. Skipping 2 bytes -->
    <datafield tag="490" ind1="1" ind2=" ">
      <subfield code="a">CIHM/ICMH Microfiche series = CIHM/ICMH collection de microfiches ;</subfield>
      <subfield code="v">no. 28667</subfield>
    </datafield>
    <!-- Bad indicator data. Skipping 2 bytes -->
    <datafield tag="500" ind1=" " ind2=" ">
      <subfield code="a">Tables.</subfield>
    </datafield>
    <!-- Bad indicator data. Skipping 2 bytes -->
    <datafield tag="533" ind1=" " ind2=" ">
      <subfield code="a">Filmed from a copy of the original publication held by the Biblioth&#xC3;&#xA8;que nationale du Qu&#xC3;&#xA9;bec.</subfield>
      <subfield code="b">Ottawa :</subfield>
      <subfield code="c">Canadian Institute for Historical Microreproductions,</subfield>
      <subfield code="d">1</subfield>
    </datafield>
    <!-- No separator at end of field length=171 -->
    <datafield tag="534" ind1="1" ind2="9">
      <subfield code="2">.</subfield>
    </datafield>
    <!-- Separator but not at end of field length=20 -->
    <datafield tag="596" ind1="5" ind2=" ">
      <subfield code="m">.</subfield>
    </datafield>
    <!-- Separator but not at end of field length=7 -->
    <!-- Bad indicator data. Skipping 2 bytes -->
    <datafield tag="650" ind1="a" ind2="4">
  </datafield>
    <!-- Separator but not at end of field length=31 -->
    <datafield tag="650" ind1="n" ind2="c">
      <subfield code=")">.</subfield>
    </datafield>
    <!-- Separator but not at end of field length=32 -->
    <datafield tag="651" ind1="v" ind2="i">
      <subfield code="c">e).</subfield>
    </datafield>
    <!-- Separator but not at end of field length=56 -->
    <datafield tag="651" ind1="i" ind2="t">
      <subfield code="r">es.</subfield>
    </datafield>
    <!-- Separator but not at end of field length=60 -->
    <datafield tag="830" ind1="e" ind2="t">
      <subfield code="d">&#xC3;&#xA9;penses.</subfield>
    </datafield>
    <!-- Separator but not at end of field length=45 -->
    <datafield tag="856" ind1="4" ind2="1">
      <subfield code="u">http://archive.org/details/cihm_28667</subfield>
      <subfield code="z">Free eBook from the Internet Archive</subfield>
    </datafield>
    <datafield tag="856" ind1="4" ind2="2">
      <subfield code="u">http://www.openlibrary.org/books/OL24227583M</subfield>
      <subfield code="z">Additional information and access via Open Library</subfield>
    </datafield>
    <!-- Separator but not at end of field length=22 -->
    <datafield tag="016" ind1="H" ind2="S">
      <subfield code="M">F</subfield>
      <subfield code="z">CIHMMPR</subfield>
    </datafield>
    <!-- No separator at end of field length=15 -->
    <!-- Bad indicator data. Skipping 1 bytes -->
    <!-- Separator but not at end of field length=58 -->
  </record>
</collection>
